<record><leader>00000cas a22000007a 4500</leader><controlfield tag="001">16896443</controlfield><controlfield tag="008">871026d18341835ohuwr ne      0    0eng d</controlfield><datafield ind1=" " ind2=" " tag="010"><subfield code="a">sn 87075155 </subfield></datafield><datafield ind1=" " ind2=" " tag="040"><subfield code="a">ONP</subfield><subfield code="b">eng</subfield><subfield code="c">ONP</subfield><subfield code="d">OCLCQ</subfield></datafield><datafield ind1=" " ind2=" " tag="042"><subfield code="a">msc</subfield></datafield><datafield ind1="0" ind2="0" tag="245"><subfield code="a">Buckeye &amp; Gallipolis journal.</subfield></datafield><datafield ind1="3" ind2="0" tag="246"><subfield code="a">Buckeye and Gallipolis journal</subfield></datafield><datafield ind1=" " ind2=" " tag="260"><subfield code="a">Gallipolis, Ohio :</subfield><subfield code="b">Wm. Cary Jones,</subfield><subfield code="c">1834-</subfield></datafield><datafield ind1=" " ind2=" " tag="310"><subfield code="a">Weekly</subfield></datafield><datafield ind1="0" ind2=" " tag="362"><subfield code="a">Aug. 28, 1834-</subfield></datafield><datafield ind1="1" ind2=" " tag="362"><subfield code="a">Ceased in 1835.</subfield></datafield><datafield ind1=" " ind2=" " tag="500"><subfield code="a">Carries numbering of preceeding titles.</subfield></datafield><datafield ind1=" " ind2=" " tag="752"><subfield code="a">United States</subfield><subfield code="b">Ohio</subfield><subfield code="c">Gallia</subfield><subfield code="d">Gallipolis.</subfield></datafield><datafield ind1="0" ind2="4" tag="780"><subfield code="t">Buckeye (Chillicothe, Ohio)</subfield><subfield code="w">(DLC)sn 83035652</subfield></datafield><datafield ind1="0" ind2="4" tag="780"><subfield code="t">Gallipolis weekly journal and Gallia and Meigs public advertiser</subfield><subfield code="w">(DLC)sn 87075156</subfield></datafield></record>